% общее 

@misc{conklin_music_generation,
	author = {Conklin, D.},
	title = {Music Generation from Statistical Models [Электронный ресурс]},
	year = {2016},
	howpublished="Режим доступа:
	\url{https://www.researchgate.net/publication/2895833_Music_Generation_from_Statistical_Models} (дата обращения: 10.10.2023)"
}


@misc{chew_mathematical_computational_modeling,
	author = {Chew, Elaine},
	title = {Mathematical and Computational Modeling of Tonality~[Электронный ресурс]},
	year = {2013},
	howpublished="Режим доступа: \url{https://link.springer.com/book/10.1007/978-1-4614-9475-1} (дата обращения: 20.11.2023)"	
}

@misc{grammer,
	author = {Dona Quick and Paul Hudak},
	title = {An automated combination of music based on computer graphics in Haskell [Электронный ресурс]},
	year = {2013},
	howpublished="Режим доступа: \url{https://www.researchgate.net/publication/261853177_Grammar-based_automated_music_composition_in_Haskell} (дата обращения: 20.11.2023)"	
}


%мое ы
@article{big,
	author={Никитин~Н.~A.},
	title={Модели, методы и средства компьютерного синтезирования музыки по цветовому изображению},
	language={russian},
	year={2022}
}


@article{alg,
	author = {Никитин~Н.~А. and Орлова~Ю.~А. and Розалиев~В.~Л.},
	title = {Алгоритм генерации музыкальных композиций с использованием интуитивного и эмоционального подходов [Электронный ресурс]},
	journal = {Молодой ученый},
	year = {2021},
	volume = {24},
	number = {366},
	pages = {35--39},
    note = {Режим доступа: \url{https://moluch.ru/archive/366/82308/} (дата обращения: 2023-10-06)},
	language = {russian}
}


@article{web,
	author = {Никитин~Н.~А. and Розалиев~В.~Л. and Орлова~Ю.~А.},
	title = {Разработка веб-сервиса для генерации музыкальной последовательности по изображению~[Электронный ресурс]},
	journal = {Молодой ученый},
	year = {2019},
	volume = {51},
	number = {289},
	pages = {27--30},
	note = {Режим доступа: \url{https://moluch.ru/archive/289/65648/} (дата обращения: 2023-10-06)},
	language = {russian}
}


@article{actuality,
	author = {Никитин~Н.~А. and Орлова~Ю.~А. and Розалиев~В.~Л.},
	title = {Программная генерация звуков по цветовой гамме изображений с использованием рекуррентной нейронной сети [Электронный ресурс]},
	journal = {Первая Всероссийская научно-практическая конференция},
	year = {2017},
	pages = {105--113},
	note = {Режим доступа: \url{http://fti.ulstu.ru/wp-content/uploads/2022/01/Proceedings_FTI_2017_final.pdf} (дата обращения: 2023-09-11)},
	language = {russian}
}



@article{automatic_sound_generation,
	author = {Никитин~Н.~А. and Орлова~Ю.~А. and Розалиев~В.~Л},
	title = {Автоматическая генерация звуков по цветовой гамме изображений},
	journal = {Вестник Волгоградского государственного технического университета},
	year = {2016},
	language = {russian}
}

@article{nikitin2022,
	author = {Никитин~Н.~А. and Орлова~Ю.~А. and Розалиев~В.~Л.},
	title = {Генерация жанровых музыкальных композиций по эмоциональному состоянию человека~[Электронный ресурс]},
	journal = {Моделирование, оптимизация и информационные технологии},
	year = {2022},
	volume = {10},
	number = {2},
	pages = {1--14},
	note = {Режим доступа: \url{https://web.archive.org/web/20220707054841id_/https://moitvivt.ru/ru/journal/pdf?id=1175} (дата обращения: 2023-11-10)},
	language = {russian}
}


@article{translation,
	author={Малахов~В.~Е. and Рогозинский~Г.~Г.},
	title={Применение декомпозиции для изучения процессов при создании генеративной музыки},
	language={russian},
	year={2022}
}


@book{umk,
	author = {Миланич~Е.~Э. and Лойко~О.~Б.},
	title  = {Учебно-методический комплекс по учебной дисциплине <<Элементарная теория музыки>>},
	year =	{2017}
}


@article{colortonote,
	author = {Abdullayev, Elyorkhon},
	title = {An Experimental Model Of Color And Sound Correlation~[Электронный ресурс]},
	journal = {Eurasian music science journal},
	year = {2020},
	note = {Режим доступа: \url{https://core.ac.uk/download/pdf/336866842.pdf} (дата обращения: 2023-10-07)},
	language = {russian}
}

@article{clustering,
	title={Data clustering: A review},
	author={Jain, A. and Murty, M. and Flynn, P.},
	journal={ACM Computing Surveys},
	year={1999},
	volume={31}
}

@article{rgb,
	author = {Кузьмина~Е.~К. and Катулин~М.~В. and Пашкова~М.~М.},
	title = {Сравнительный анализ использования цветовых пространств RGB и HSB в задачах распознавания объектов при определении позиции предметов в роботизированных системах Кузьмина [Электронный ресурс]},
	journal = {Системный анализ в науке и образовании},
	year = {2022},
	pages = {55--63},
	note = {Режим доступа: \url{https://sanse.ru/index.php/sanse/article/view/520} (дата обращения: 2023-11-09)},
	language = {russian}
}

%file:///D:/dowloads/klasterizatsiya-izobrazheniya-metodom-k-srednih.pdf
@article{defcluctering,
	author={Котелина~Н.~О. and Матвийчук~Б.~Р.},
	title={Кластеризация изображения методом K-средних},
	journal={Вестник Сыктывкарского университета},
	year = {2019},
	pages = {102--106},
	volume={Выпуск 3 (32)},
	language={russian}
}


@article{pruf_clustering,
	author = {Ооржак~О.~Е.},
	title = {Алгоритм кластеризации K-средних и его реализация в среде MATLAB},
	advisor = {Баранова~И.~В.},
	institution = {Сибирский федеральный университет},
	year = {2015}, 
	language = {russian}
}


@article{feature_representations,
	author = {Coates, Adam and Ng, Andrew Y.},
	title = {Learning Feature Representations with K-means~[Электронный ресурс]},
	institution = {Stanford University, Stanford CA 94306, USA},
	booktitle = {Neural Networks: Tricks of the Trade},
	year = {2012},
	note = {Режим доступа: \url{https://web.archive.org/web/20150621073741/http://www.cs.stanford.edu/~acoates/papers/coatesng_nntot2012.pdf} (дата обращения: 2023-11-10)},
	language = {english}
}

@article{academic_performance,
	author = {Oyelade~O. and Oladipupo~O. and Obagbuwa~I.},
	title = {Application of k-Means Clustering Algorithm for Prediction of Students Academic Performance},
	journal = {International Journal of Computer Science and Information Security},
	year = {2010},
	volume = {7},
	number = {1},
	pages = {292--295}
}

@article{tyurin_cluster_analysis,
	author = {Тюрин~А.~Г. and Зуев~И.~О.},
	title = {Кластерный анализ, методы и алгоритмы кластеризации [Электронный ресурс]},
	journal = {Вестник МГТУ МИРЭА},
	year = {2014},
	volume = {Выпуск 3},
	note = {Режим доступа: \url{https://rtj.mirea.ru/upload/medialibrary/fba/09-tyurin.pdf} (дата обращения: 2023-11-10)},
	language = {russian}
}


@article{tolstov,
	author = {Толстов, М. В. and Соломатин, Д. И.},
	title = {Применение нейронных сетей для генерации мелодий},
	journal = {сборник студенческих научных работ факультета компьютерных наук ВГУ},
	year = {2020},
	volume = {14},
	pages = {185--190},
	language = {russian}
}


@article{toktarbekov2022,
	author = {Токтарбеков~М.~А. and Сарсембаев~А.~А.},
	title = {Особенности использования RNN-LSTM и GAN архитектур при генерации музыки},
	journal = {Международный университет информационных технологий},
	year = {2022},
	language = {russian}
}

%file:///D:/dowloads/iskusstvennye-neyronnye-seti-kak-osnova-glubinnogo-obucheniya.pdf
@article{lindigrin2019,
	author = {Линдигрин~А.~Н.},
	title = {Искусственные нейронные сети как основа глубинного обучения},
	journal = {Известия ТулГУ. Технические науки},
	year = {2019},
	volume = {12},
	language = {russian}
}

% Андрей

@article{bjorklund,
	author={Godfried Toussaint},
	title={The Euclidean Algorithm Generates Traditional Musical Rhythms [Электронный ресурс]},
	note = {Режим доступа: \url{http://cgm.cs.mcgill.ca/~godfried/publications/banff.pdf} (дата обращения: 2023-10-10)},
	language={russian},
	year={2005}
}

@article{man,
	author = {Man Yat Lo.},
	title = {Evolving Cellular Automata for Music Composition with Trainable Fitness Functions [Электронный ресурс]},
	year = {2012},
	note = {Режим доступа: \url{https://www.researchgate.net/publication/349061035_Evolving_Cellular_Automata_for_Music_Composition_with_Trainable_Fitness_Functions} (дата обращения: 2023-10-10)},
	language = {english}
}

@article{ernest,
	author = {Ernest A. Edmonds.},
	title = {Cellular automata in generative electronic music and sonic art: A historical and technical review [Электронный ресурс]},
	year = {2005},
	note = {Режим доступа: \url{https://www.researchgate.net/publication/237753753_Cellular_automata_in_generative_electronic_music_and_sonic_art_A_historical_and_technical_review} (дата обращения: 2023-10-10)},
	language = {english}
}


%ПАША

@misc{yestrday,
	title="The Beatles – Yesterday [Электронный ресурс]", 
	howpublished="Режим доступа: \url{https://www.5lad.ru/akkordy/the-beatles/yesterday} (дата обращения: 05.11.2023)"
}

@article{statistic,
	author={Conklin D},
	title={Music Generation from Statistical Models~[Электронный ресурс]},
	note = {Режим доступа: \url{https://www.researchgate.net/publication/2895833_Music_Generation_from_Statistical_Models} (дата обращения: 2023-11-10)},
	language={english},
	year={2016}
}


@article{rwalk,
	author = {Timo Van Niedek},
	title = {Random Walk with Restart for Automatic Playlist Continuation and Query-Specific Adaptations [Электронный ресурс]},
	year = {2018},
	note = {Режим доступа: \url{https://www.researchgate.net/publication/328090223_Random_Walk_with_Restart_for_Automatic_Playlist_Continuation_and_Query-Specific_Adaptations} (дата обращения: 2023-11-10)},
	language = {english}
}

@article{mchains,
	author = {Hayes B},
	title = {First Links in the Markov Chain. American Scientist~[Электронный ресурс]},
	year = {2013},
	note = {Режим доступа: \url{https://www.researchgate.net/publication/289803891_First_Links_in_the_Markov_Chain} (дата обращения: 2023-11-10)},
	language = {english}
}


@misc{markov,
	title="Марковская цепь для генерации музыки [Электронный ресурс]", 
	howpublished="Режим доступа: \url{https://machinelearningmastery.ru/markov-chain-for-music-generation-932ea8a88305/} (дата обращения: 2023-10-25)"
}



@misc{yesterday,
	title="The Beatles – Yesterday [Электронный ресурс]", 
	howpublished="Режим доступа: \url{https://www.5lad.ru/akkordy/the-beatles/yesterday} (дата обращения: 2023-10-25)"
}


%Степа
@misc{AI,
	title = {What is artificial intelligence (AI)? [Электронный ресурс]},
	note = {Режим доступа: \url{https://www.oracle.com/cis/artificial-intelligence/what-is-ai /} (дата обращения: 2023-11-10)},
	
	language = {russian}
}


@article{music,
	title = {Electronic and computer music [Электронный ресурс]},
	note = {Режим доступа: \url{https://www.gramota.net/articles/issn_1993-5552_2010_1-2_08.pdf} (дата обращения: 2023-11-10)},
	year = {2010},	
	language = {russian},
}


@article{notes,
	title = {The purpose of the notes is their full definition and purpose~[Электронный ресурс]},
	note = {Режим доступа: \url{https://muzrock.com/teoriya-muzyki/noty} (дата обращения: 2023-11-10)},
	year = {2010},	
	language = {russian}
}


@article{methods,
	title = {Review of mathematical methods for generating musical compositions~[Электронный ресурс]},
	note = {Режим доступа: \url{https://moluch.ru/archive/342/77077} (дата обращения: 2023-11-10)},
	year = {2020},
	language = {russian}
}


@article{chords,
	title = {Chords. What is it and how are they built? [Электронный ресурс]},
	note = {Режим доступа: \url{https://www.otsema.ru/accords/chto_takoe_akkord.php} (дата обращения: 2023-11-10)},

	language = {russian}
}


@article{l-systems,
	title = {Chapter 44. L-systems [Электронный ресурс]},
	year = {2013},
	note = {Режим доступа: \url{http://mech.math.msu.su/~shvetz/54/inf/perl-examples/PerlExamples_LSystems.xhtml} (дата обращения: 2023-11-10)},
	

	language = {russian}
}


@article{haskell,
	author = {Dona Quick and Paul Hudak},
	title = {An automated combination of music based on computer graphics in Haskell [Электронный ресурс]},
	year = {2013},
	note = {Режим доступа: \url{https://www.researchgate.net/publication/261853177_Grammar-based_automated_music_composition_in_Haskell} (дата обращения: 2023-11-10)},
	language = {english}
}





